<?xml version="1.0" encoding="UTF-8"?><collection xmlns="http://www.loc.gov/MARC21/slim"><record><leader>00434nam--2200133-i-4500</leader><controlfield tag="001">000035564</controlfield><controlfield tag="002">20161230</controlfield><controlfield tag="005">20161230201040</controlfield><controlfield tag="008">060222s1000------------r-----000-0-eng-d</controlfield><datafield ind1=" " ind2=" " tag="080"><subfield code="a">616-006.6(043):616.1(043)</subfield></datafield><datafield ind1=" " ind2=" " tag="100"><subfield code="a">Musset, Marina</subfield></datafield><datafield ind1=" " ind2=" " tag="245"><subfield code="a">Essai de traitement de leucemies aigues et de divers hematosarcomes par deux nouveaux produits cytostatiques. these</subfield></datafield><datafield ind1=" " ind2=" " tag="260"><subfield code="a">Paris-sud, Faculte De Medecine, 1973, 49p</subfield></datafield><datafield ind1=" " ind2=" " tag="852"><subfield code="a">40733</subfield></datafield></record></collection>